@book{aiken_2016, place={London}, title={Instruction level parallelism}, publisher={Springer}, author={Aiken, Alex}, year={2016}}
